@book{strucdyn-lecnot,
	author = {Daniel J. Rixen},
	title = {Lecture notes on Structural Dynamics},
	date = {2017},
	publisher = {Technische Universität München},
}